@article{example-article-citation,
  title={Title of example article},
  author={Author, First and Author, Second},
  journal={Name of Journal},
  volume={1},
  number={1},
  pages={1--10},
  year={2077}
}

@book{example-book-citation,
  title={Title of example book},
  author={Author, First},
  publisher={Name of Publisher},
  year={2077}
}

